@online{strassenverzeichnis,
	editor = {Stadt Regensburg},
	title = {Amtliche Verzeichnisse},
	titleaddon = {Stra{\ss}enverzeichnis -- Stadtbezirke, Stand 7. Dezember 2015},
	url = {http://www.statistik.regensburg.de/publikationen/publikationen/Amtliche_Verzeichnisse/amtl_verzeichnisse_stadtbezirke_nach_strassen.pdf}
}

@online{cq131a,
    author = {Walter Schmidt},
    title = {Der Bayerische TeX-Stammtisch},
    titleaddon = {RÃ¼ckblick 2003 bis 2016},
    url = {http://cq131a.de/stammtisch.html},
}

@online{regensburg,
	editor = {Stadt Regensburg},
	title = {Amtliche Verzeichnisse},
	titleaddon = {Die Einteilung des Stadtgebiets},
	url = {http://www.statistik.regensburg.de/publikationen/amtl_verzeichnisse/},
}
